@article{Plimpton1995Fast,
	author = {Plimpton, Steve},
	booktitle = {Journal of Computational Physics},
	doi = {10.1006/jcph.1995.1039},
	issn = 00219991,
	journal = {Journal of Computational Physics},
	number = 1,
	pages = {1-19},
	publisher = {Academic Press},
	title = {Fast Parallel Algorithms for Short-Range Molecular Dynamics},
	urldate = {2016-10-10},
	volume = 117,
	year = 1995
}
@article{Pronk2013,
abstract = {MOTIVATION: Molecular simulation has historically been a low-throughput technique, but faster computers and increasing amounts of genomic and structural data are changing this by enabling large-scale automated simulation of, for instance, many conformers or mutants of biomolecules with or without a range of ligands. At the same time, advances in performance and scaling now make it possible to model complex biomolecular interaction and function in a manner directly testable by experiment. These applications share a need for fast and efficient software that can be deployed on massive scale in clusters, web servers, distributed computing or cloud resources.$\backslash$n$\backslash$nRESULTS: Here, we present a range of new simulation algorithms and features developed during the past 4 years, leading up to the GROMACS 4.5 software package. The software now automatically handles wide classes of biomolecules, such as proteins, nucleic acids and lipids, and comes with all commonly used force fields for these molecules built-in. GROMACS supports several implicit solvent models, as well as new free-energy algorithms, and the software now uses multithreading for efficient parallelization even on low-end systems, including windows-based workstations. Together with hand-tuned assembly kernels and state-of-the-art parallelization, this provides extremely high performance and cost efficiency for high-throughput as well as massively parallel simulations.$\backslash$n$\backslash$nAVAILABILITY: GROMACS is an open source and free software available from http://www.gromacs.org.$\backslash$n$\backslash$nSUPPLEMENTARY INFORMATION: Supplementary data are available at Bioinformatics online.},
author = {Pronk, Sander and P{\'{a}}ll, Szil{\'{a}}rd and Schulz, Roland and Larsson, Per and Bjelkmar, P{\"{a}}r and Apostolov, Rossen and Shirts, Michael R. and Smith, Jeremy C. and Kasson, Peter M. and {Van Der Spoel}, David and Hess, Berk and Lindahl, Erik},
doi = {10.1093/bioinformatics/btt055},
file = {:Users/anderhaf/Downloads/Bioinformatics-2013-Pronk-bioinformatics-btt055.pdf:pdf},
isbn = {1367-4803},
issn = {13674803},
journal = {Bioinformatics},
number = {7},
pages = {845--854},
pmid = {23407358},
title = {{GROMACS 4.5: A high-throughput and highly parallel open source molecular simulation toolkit}},
volume = {29},
year = {2013}
}

@article{Humphrey1996Vmd,
	author = {Humphrey, William and Dalke, Andrew and Schulten, Klaus},
	booktitle = {Journal of Molecular Graphics},
	doi = {10.1016/0263-7855(96)00018-5},
	issn = 02637855,
	journal = {Journal of Molecular Graphics},
	number = 1,
	pages = {33-38},
	publisher = {Elsevier},
	title = {VMD: Visual molecular dynamics},
	urldate = {2016-10-10},
	volume = 14,
	year = 1996
}

@article{Stukowski2009Visualization,
	author = {Stukowski, Alexander},
	booktitle = {Modelling Simul. Mater. Sci. Eng.},
	doi = {10.1088/0965-0393/18/1/015012},
	issn = {0965-0393},
	journal = {Modelling Simul. Mater. Sci. Eng.},
	number = 1,
	pages = 015012,
	title = {Visualization and analysis of atomistic simulation data with OVITO-the Open Visualization Tool},
	volume = 18,
	year = 2009
}
@article{Phillips2005Scalable,
	author = {Phillips, James C and Braun, Rosemary and Wang, Wei and Gumbart, James and Tajkhorshid, Emad and Villa, Elizabeth and Chipot, Christophe and Skeel, Robert D and Kalé, Laxmikant and Schulten, Klaus},
	booktitle = {Journal of computational chemistry},
	doi = {10.1002/jcc.20289},
	issn = {0192-8651},
	journal = {Journal of computational chemistry},
	month = 12,
	number = 16,
	pages = {1781-802},
	publisher = {NIH Public Access},
	title = {Scalable molecular dynamics with NAMD},
	url = {http://www.ncbi.nlm.nih.gov/pubmed/16222654,http://www.pubmedcentral.nih.gov/articlerender.fcgi?artid=PMC2486339},
	urldate = {2017-02-21},
	volume = 26,
	year = 2005
}

@article{jewett2013moltemplate,
  title={Moltemplate a coarse-grained model assembly tool},
  author={Jewett, Andrew I and Zhuang, Zhuoyun and Shea, Joan-Emma},
  journal={Biophysical Journal},
  volume={104},
  number={2},
  pages={169a},
  year={2013},
  publisher={Elsevier}
}

@online{atomifydocumentation,
  author = {Hafreager, Anders and Dragly, Svenn-Arne},
  title = {Atomify documentation},
  year = 2017,
  url = {ovilab.net/atomify},
  urldate = {2017-05-10}
}

@article{brooks2009charmm,
  title={CHARMM: the biomolecular simulation program},
  author={Brooks, Bernard R and Brooks, Charles L and MacKerell, Alexander D and Nilsson, Lennart and Petrella, Robert J and Roux, Beno{\^\i}t and Won, Youngdo and Archontis, Georgios and Bartels, Christian and Boresch, Stefan and others},
  journal={Journal of computational chemistry},
  volume={30},
  number={10},
  pages={1545--1614},
  year={2009},
  publisher={Wiley Online Library}
}

@article{berendsen1995gromacs,
  title={GROMACS: a message-passing parallel molecular dynamics implementation},
  author={Berendsen, Herman JC and van der Spoel, David and van Drunen, Rudi},
  journal={Computer Physics Communications},
  volume={91},
  number={1-3},
  pages={43--56},
  year={1995},
  publisher={Elsevier}
}

@article{van2001reaxff,
  title={ReaxFF: a reactive force field for hydrocarbons},
  author={Van Duin, Adri CT and Dasgupta, Siddharth and Lorant, Francois and Goddard, William A},
  journal={The Journal of Physical Chemistry A},
  volume={105},
  number={41},
  pages={9396--9409},
  year={2001},
  publisher={ACS Publications}
}

@book{allen2017computer,
  title={Computer simulation of liquids},
  author={Allen, Michael P and Tildesley, Dominic J},
  year={2017},
  publisher={Oxford university press}
}

@book{frenkel2001understanding,
  title={Understanding molecular simulation: from algorithms to applications},
  author={Frenkel, Daan and Smit, Berend},
  volume={1},
  year={2001},
  publisher={Elsevier}
}

@article{cohen2012water,
  title={Water desalination across nanoporous graphene},
  author={Cohen-Tanugi, David and Grossman, Jeffrey C},
  journal={Nano letters},
  volume={12},
  number={7},
  pages={3602--3608},
  year={2012},
  publisher={ACS Publications}
}

@article{alder1957phase,
  title={Phase transition for a hard sphere system},
  author={Alder, BJ and Wainwright, TEf},
  journal={The Journal of chemical physics},
  volume={27},
  number={5},
  pages={1208--1209},
  year={1957},
  publisher={AIP}
}

@article{alder1959studies,
  title={Studies in molecular dynamics. I. General method},
  author={Alder, Berni J and Wainwright, T‌ E},
  journal={The Journal of Chemical Physics},
  volume={31},
  number={2},
  pages={459--466},
  year={1959},
  publisher={AIP}
}

@article{rahman1964correlations,
  title={Correlations in the motion of atoms in liquid argon},
  author={Rahman, A},
  journal={Physical Review},
  volume={136},
  number={2A},
  pages={A405},
  year={1964},
  publisher={APS}
}

@article{mccammon1977dynamics,
  title={Dynamics of folded proteins},
  author={McCammon, J Andrew and Gelin, Bruce R and Karplus, Martin},
  journal={Nature},
  volume={267},
  number={5612},
  pages={585},
  year={1977},
  publisher={Nature Publishing Group}
}

@article{jiang2009young,
  title={Young’s modulus of graphene: a molecular dynamics study},
  author={Jiang, Jin-Wu and Wang, Jian-Sheng and Li, Baowen},
  journal={Physical Review B},
  volume={80},
  number={11},
  pages={113405},
  year={2009},
  publisher={APS}
}

@article{campbell1999structural,
  title={Structural correlations and mechanical behavior in nanophase silica glasses},
  author={Campbell, Timothy and Kalia, Rajiv K and Nakano, Aiichiro and Shimojo, Fuyuki and Tsuruta, Kenji and Vashishta, Priya and Ogata, Shuji},
  journal={Physical review letters},
  volume={82},
  number={20},
  pages={4018},
  year={1999},
  publisher={APS}
}

@article{ning2012mechanical,
  title={Mechanical properties of clathrate hydrates: status and perspectives},
  author={Ning, Fulong and Yu, Yibing and Kjelstrup, Signe and Vlugt, Thijs JH and Glavatskiy, Kirill},
  journal={Energy \& environmental science},
  volume={5},
  number={5},
  pages={6779--6795},
  year={2012},
  publisher={Royal Society of Chemistry}
}

@article{brenner2002second,
  title={A second-generation reactive empirical bond order (REBO) potential energy expression for hydrocarbons},
  author={Brenner, Donald W and Shenderova, Olga A and Harrison, Judith A and Stuart, Steven J and Ni, Boris and Sinnott, Susan B},
  journal={Journal of Physics: Condensed Matter},
  volume={14},
  number={4},
  pages={783},
  year={2002},
  publisher={IOP Publishing}
}

@article{wirnsberger2015enhanced,
  title={An enhanced version of the heat exchange algorithm with excellent energy conservation properties},
  author={Wirnsberger, Peter and Frenkel, Daniel and Dellago, C},
  journal={The Journal of chemical physics},
  volume={143},
  number={12},
  pages={124104},
  year={2015},
  publisher={AIP Publishing}
}

@article{ceriotti2010colored,
  title={Colored-noise thermostats {\`a} la carte},
  author={Ceriotti, Michele and Bussi, Giovanni and Parrinello, Michele},
  journal={Journal of Chemical Theory and Computation},
  volume={6},
  number={4},
  pages={1170--1180},
  year={2010},
  publisher={ACS Publications}
}

@article{kim2010generalized,
  title={Generalized replica exchange method},
  author={Kim, Jaegil and Keyes, Thomas and Straub, John E},
  journal={The Journal of chemical physics},
  volume={132},
  number={22},
  pages={224107},
  year={2010},
  publisher={AIP}
}

@article{henkelman2000climbing,
  title={A climbing image nudged elastic band method for finding saddle points and minimum energy paths},
  author={Henkelman, Graeme and Uberuaga, Blas P and J{\'o}nsson, Hannes},
  journal={The Journal of chemical physics},
  volume={113},
  number={22},
  pages={9901--9904},
  year={2000},
  publisher={AIP}
}

@article{henkelman2000improved,
  title={Improved tangent estimate in the nudged elastic band method for finding minimum energy paths and saddle points},
  author={Henkelman, Graeme and J{\'o}nsson, Hannes},
  journal={The Journal of chemical physics},
  volume={113},
  number={22},
  pages={9978--9985},
  year={2000},
  publisher={AIP}
}

@article{brown2011implementing,
  title={Implementing molecular dynamics on hybrid high performance computers--short range forces},
  author={Brown, W Michael and Wang, Peng and Plimpton, Steven J and Tharrington, Arnold N},
  journal={Computer Physics Communications},
  volume={182},
  number={4},
  pages={898--911},
  year={2011},
  publisher={Elsevier}
}

@article{schneider1978molecular,
  title={Molecular-dynamics study of a three-dimensional one-component model for distortive phase transitions},
  author={Schneider, T and Stoll, E},
  journal={Physical Review B},
  volume={17},
  number={3},
  pages={1302},
  year={1978},
  publisher={APS}
}